<?xml version="1.0" encoding="UTF-8"?><record xmlns="http://www.loc.gov/MARC21/slim" xmlns:cinclude="http://apache.org/cocoon/include/1.0" xmlns:zs="http://www.loc.gov/zing/srw/">
  <leader>02456cz  a2200325n  4500</leader>
  <controlfield tag="001">no2014010173</controlfield>
  <controlfield tag="003">DLC</controlfield>
  <controlfield tag="005">20140205073836.0</controlfield>
  <controlfield tag="008">140125n| azannaabn          |a aaa     c</controlfield>
  <datafield tag="010" ind1=" " ind2=" ">
    <subfield code="a">no2014010173</subfield>
  </datafield>
  <datafield tag="035" ind1=" " ind2=" ">
    <subfield code="a">(OCoLC)oca09665314</subfield>
  </datafield>
  <datafield tag="040" ind1=" " ind2=" ">
    <subfield code="a">SG-SiILA</subfield>
    <subfield code="b">eng</subfield>
    <subfield code="e">rda</subfield>
    <subfield code="c">SG-SiILA</subfield>
    <subfield code="d">IEN</subfield>
  </datafield>
  <datafield tag="046" ind1=" " ind2=" ">
    <subfield code="f">19711103</subfield>
  </datafield>
  <datafield tag="100" ind1="1" ind2=" ">
    <subfield code="a">Saini, Sunil,</subfield>
    <subfield code="d">1971-</subfield>
  </datafield>
  <datafield tag="370" ind1=" " ind2=" ">
    <subfield code="c">India</subfield>
    <subfield code="2">naf</subfield>
  </datafield>
  <datafield tag="371" ind1=" " ind2=" ">
    <subfield code="a">1245/18, Mohalla Sainian</subfield>
    <subfield code="b">Hisar</subfield>
    <subfield code="c">Haryana</subfield>
    <subfield code="d">India</subfield>
    <subfield code="m">suneil.psy@gmail.com</subfield>
    <subfield code="m">ssaini.psy@gmail.com</subfield>
    <subfield code="v">Indian Association of Health, Research and Welfare website, viewed Jan. 22, 2014</subfield>
    <subfield code="u">http://www.iahrw.com</subfield>
  </datafield>
  <datafield tag="372" ind1=" " ind2=" ">
    <subfield code="a">Psychology, Applied</subfield>
    <subfield code="a">Psychology -- Research</subfield>
    <subfield code="a">Journalism -- Editing</subfield>
    <subfield code="2">lcsh</subfield>
  </datafield>
  <datafield tag="373" ind1=" " ind2=" ">
    <subfield code="a">Indian Association of Health, Research and Welfare</subfield>
  </datafield>
  <datafield tag="374" ind1=" " ind2=" ">
    <subfield code="a">Psychological research personnel</subfield>
    <subfield code="a">Periodical editors</subfield>
    <subfield code="2">lcsh</subfield>
  </datafield>
  <datafield tag="375" ind1=" " ind2=" ">
    <subfield code="a">male</subfield>
  </datafield>
  <datafield tag="377" ind1=" " ind2=" ">
    <subfield code="a">eng</subfield>
    <subfield code="a">hin</subfield>
  </datafield>
  <datafield tag="400" ind1="0" ind2=" ">
    <subfield code="a">Sunil Saini,</subfield>
    <subfield code="d">1971-</subfield>
  </datafield>
  <datafield tag="400" ind1="1" ind2=" ">
    <subfield code="a">Cāyn̲i, Cun̲il,</subfield>
    <subfield code="d">1971-</subfield>
  </datafield>
  <datafield tag="400" ind1="0" ind2=" ">
    <subfield code="a">Cun̲il Cāyn̲i,</subfield>
    <subfield code="d">1971-</subfield>
  </datafield>
  <datafield tag="400" ind1="1" ind2=" ">
    <subfield code="a">Sunil, S.,</subfield>
    <subfield code="d">1971-</subfield>
  </datafield>
  <datafield tag="667" ind1=" " ind2=" ">
    <subfield code="a">Formerly on undifferentiated name record: n 2003122513.</subfield>
  </datafield>
  <datafield tag="670" ind1=" " ind2=" ">
    <subfield code="a">Anger management, 2009:</subfield>
    <subfield code="b">ECIP t.p. (Saini Sunil) data view (Ph.D. scholar, Department of Applied Psychology, Guru Jambheshwar University of Science and Technology, Hisar, Haryana)</subfield>
  </datafield>
  <datafield tag="670" ind1=" " ind2=" ">
    <subfield code="a">Kōpamā? Uṅkaḷukkā? In̲imēl nevar, 2010:</subfield>
    <subfield code="b">t.p. (Cun̲il Cāyn̲i) p. iii (Tamil translation of English book, "Anger management") p. 4 of cover (Ph.D. scholar, Department of Applied Psychology, Guru Jambheshwar University of Science and Technology, Hisar, Haryana; currently, Associate Executive Editor, "Indian Psychologist" journal)</subfield>
  </datafield>
  <datafield tag="670" ind1=" " ind2=" ">
    <subfield code="a">Saini Social Psychology WWW site, Jan 21, 2014</subfield>
    <subfield code="b">(Dr. Sunil Saini; President, Indian Association of Health, Research and Welfare (IAHRW); editor, 'PsyInsight', monthly magazine of IAHRW; researcher; research interests: anger, aggression, adolescent problems, HIV/AIDS)</subfield>
    <subfield code="u">http://saini.socialpsychology.org/</subfield>
  </datafield>
  <datafield tag="670" ind1=" " ind2=" ">
    <subfield code="a">Email from author, Jan. 22, 2014</subfield>
    <subfield code="b">(Sunil Saini, Ph.D.; S. Saini; born, Nov. 3, 1971, lives in Hisar, Haryana, India; researcher; President, Indian Association of Health, Research and Welfare; chief editor, 'Indian Journal of Positive Psychology', 'Indian Journal of Health and Wellbeing' and 'PsyInsight'; has written several books in English and Hindi, articles for international and national journal publications; has presented papers at national and international seminars and conferences)</subfield>
  </datafield>
</record>